@article{stoica2003chord,
  title={Chord: a scalable peer-to-peer lookup protocol for internet applications},
  author={Stoica, Ion and Morris, Robert and Liben-Nowell, David and Karger, David R and Kaashoek, M Frans and Dabek, Frank and Balakrishnan, Hari},
  journal={IEEE/ACM Transactions on Networking (TON)},
  volume={11},
  number={1},
  pages={17--32},
  year={2003},
  publisher={IEEE Press}
}


@inproceedings{hewitt1973session,
  title={Session 8 formalisms for artificial intelligence a universal modular actor formalism for artificial intelligence},
  author={Hewitt, Carl and Bishop, Peter and Steiger, Richard},
  booktitle={Advance Papers of the Conference},
  volume={3},
  pages={235},
  year={1973},
  organization={Stanford Research Institute}
}


@techreport{hewitt1977actors,
  title={Actors and continuous functionals},
  author={Hewitt, Carl and Baker Jr, Henry},
  year={1977},
  institution={MASSACHUSETTS INST OF TECH CAMBRIDGE LAB FOR COMPUTER SCIENCE}
}
